@online{elo,
    title = "Lichess rating system",
    url  = "https://lichess.org/faq#ratings",
    addendum = "(accessed: 27.03.2021)",
}

@online{eco,
    title = "365 Chess: ECO Codes",
    url  = "https://www.365chess.com/eco.php",
    addendum = "(accessed: 27.03.2021)",
}

@online{notation,
    title = "Wikipedia: algebraic chess notation",
    url  = "https://en.wikipedia.org/wiki/Algebraic_notation_(chess)",
    addendum = "(accessed: 27.03.2021)",
}

@online{opening_explorer,
    title = "Lichess Opening Explorer",
    url  = "https://lichess.org/analysis#explorer",
    addendum = "(accessed: 27.03.2021)",
}

@online{insights,
    title = "Lichess Game Insights",
    url  = "https://lichess.org/insights/aitotumainen/acpl/variant",
    addendum = "(accessed: 27.03.2021)",
}

@online{variants,
    title = "Lichess Chess variants",
    url  = "https://lichess.org/variant",
    addendum = "(accessed: 27.03.2021)",
}